<record><leader>00000cas a22000007a 4500</leader><controlfield tag="001">13707088</controlfield><controlfield tag="008">860609d193219uupauwr ne      0    0eng d</controlfield><datafield ind1=" " ind2=" " tag="010"><subfield code="a">sn 86081535 </subfield></datafield><datafield ind1=" " ind2=" " tag="040"><subfield code="a">NPH</subfield><subfield code="b">eng</subfield><subfield code="c">NPH</subfield><subfield code="d">OCLCQ</subfield></datafield><datafield ind1=" " ind2=" " tag="042"><subfield code="a">msc</subfield></datafield><datafield ind1="0" ind2=" " tag="130"><subfield code="a">Williamsport times (Boys' ed.)</subfield></datafield><datafield ind1="1" ind2="0" tag="245"><subfield code="a">Williamsport times.</subfield></datafield><datafield ind1=" " ind2=" " tag="250"><subfield code="a">Boys' ed.</subfield></datafield><datafield ind1=" " ind2=" " tag="260"><subfield code="a">[Williamsport, Pa. :</subfield><subfield code="b">s.n.],</subfield><subfield code="c">1932-</subfield></datafield><datafield ind1=" " ind2=" " tag="300"><subfield code="a">v. :</subfield><subfield code="b">ill.</subfield></datafield><datafield ind1=" " ind2=" " tag="310"><subfield code="a">Weekly</subfield></datafield><datafield ind1="0" ind2=" " tag="362"><subfield code="a">Apr. 22, 1932-</subfield></datafield><datafield ind1=" " ind2=" " tag="752"><subfield code="a">United States</subfield><subfield code="b">Pennsylvania</subfield><subfield code="c">Lycoming</subfield><subfield code="d">Williamsport.</subfield></datafield></record>